@article{kohli2009robust,
	title={Robust higher order potentials for enforcing label consistency},
	author={Kohli, Pushmeet and Torr, Philip HS and others},
	journal={International Journal of Computer Vision},
	volume={82},
	number={3},
	pages={302--324},
	year={2009},
	publisher={Springer}
}
@article{gouldlearning,
	title={Learning Weighted Lower Linear Envelope Potentials in Binary Markov Random Fields},
	author={Gould, Stephen},
	publisher={IEEE}
}
@inproceedings{tsochantaridis2005large,
	title={Large margin methods for structured and interdependent output variables},
	author={Tsochantaridis, Ioannis and Joachims, Thorsten and Hofmann, Thomas and Altun, Yasemin},
	booktitle={Journal of Machine Learning Research},
	pages={1453--1484},
	year={2005}
}
@inproceedings{yu2009learning,
  title={Learning structural SVMs with latent variables},
  author={Yu, Chun-Nam John and Joachims, Thorsten},
  booktitle={Proceedings of the 26th Annual International Conference on Machine Learning},
  pages={1169--1176},
  year={2009},
  organization={ACM}
}
